/data/Documents/latex/other.bib